@manual{anleitung01,
  author = "TU-Dortmund",
  title = "Versuch V355: Gekoppelte Schwingkreise",
  date = "2017-01-15",
  url = "http://129.217.224.2/HOMEPAGE/PHYSIKER/BACHELOR/AP/SKRIPT/V355.pdf",
}
