@manual{sample,
  author = {TU Dortmund},
  title = {V401 Das Michelson-Interferometer},
  url = http://129.217.224.2/HOMEPAGE/PHYSIKER/BACHELOR/AP/SKRIPT/V401.pdf,
  year = 2017
}
