@manual{anleitung01,
  author = "TU-Dortmund",
  title = "Versuch V207: Das Kugelfall-Viskosimeter nach HÃ¶ppller",
  date = "2016-11-24",
  url = "http://129.217.224.2/HOMEPAGE/PHYSIKER/BACHELOR/AP/SKRIPT/Viskositaet.pdf",
}
