@online{Gyro,
  author={{The NIST Reference on Constants, Units, and Uncertainty}},
  title={proton gyromagnetic ratio},
  date={2018-05-14},
  url={https://physics.nist.gov/cgi-bin/cuu/Value?gammap}
}

@online{VdW,
  author = {Freude, Prof.~Dr.~Dieter},
  title = {Molek√ºlphysik},
  date={Oktober 2006},
  url = {https://home.uni-leipzig.de/energy/pdf/freumd2.pdf}
}

@manual{anleitung,
  author = "TU-Dortmund",
  title = "V49:Messung von Diffusionskonstanten mittels gepulster
Kernspinresonanz",
  date = "2018-10-30",
  url = "http://129.217.224.2/HOMEPAGE/PHYSIKER/MASTER/SKRIPT/V49.pdf",
}
