@manual{anleitung01,
  author = "TU-Dortmund",
  title = "Versuch V302: Elektrische Br√ºckenschaltungen",
  date = "2016-12-16",
  url = "http://129.217.224.2/HOMEPAGE/PHYSIKER/BACHELOR/AP/SKRIPT/V302.pdf",
}
