@manual{anleitung,
  author = "TU-Dortmund",
  title = "V47:Molw√§rme von Kupfer",
  date = "2018-10-30",
  url = "http://129.217.224.2/HOMEPAGE/PHYSIKER/MASTER/SKRIPT/V47.pdf",
}

@manual{cu_mass,
  institution = "Lenntech",
  title = "Kupfer (Cu)",
  date = "2018-10-30",
  url = "https://www.lenntech.de/pse/elemente/cu.htm",
}

@manual{kompression,
  institution = "Das Periodensystem der Elemente online",
  title = "Kompressionsmodul",
  date = "2018-10-30",
  url = "http://www.periodensystem-online.de/index.php?show=list&id=modify&prop=Kompressionsmodul&sel=oz&el=68",
}
