@manual{anleitung,
  author = "TU-Dortmund",
  title = "V61:HeNe-Laser",
  date = "2018-02-02",
  url = "http://129.217.224.2/HOMEPAGE/PHYSIKER/BACHELOR/FP/SKRIPT/V61.pdf",
}

@manual{Inversion,
author = "Thomson,Brooke,Cole",
title = "The two-level Atom",
date = "2018-02-02",
url = "https://www4.uwsp.edu/physastr/kmenning/images/HeNe_energy_levels.png",

}

@manual{StevenStefan,
author = "Stefan Grisard, Steven Becker",
title = "Der HeNe-Laser",
date = "2018-02-02",
url = "https://github.com/stefangri/s_s_productions/blob/master/PHY641/V61_HeNe_Laser/Protokoll/theorie_bilder/g_1_g_2.pdf",
}
