@manual{anleitung01,
  author = "TU-Dortmund",
  title = "Versuch V101: Das Tr√§gheitsmoment",
  date = "2016-11-11",
  url = "http://129.217.224.2/HOMEPAGE/PHYSIKER/BACHELOR/AP/SKRIPT/Traegheit.pdf",
}
