@manual{Anleitung,
  author = "TU-Dortmund",
  title = "V21:Optisches Pumpen",
  date = "2017-12-17",
  url = "http://129.217.224.2/HOMEPAGE/PHYSIKER/BACHELOR/FP/SKRIPT/V21n_TeachSpin_new.pdf",
}
