
@online{Wirbelstrombremse,
author = "Unbekannt",
title = "Lineare Wirbelstrombremse im ICE 3",
date = "2016-05-06",
url = "http://www.invetr.com/control-and-electronics/archives/06-2016"
}

@online{Lorentzkraft,
author = "Wikipedia",
title = "Wirbelstrombremse",
date = "2017-05-04",
url = "https://upload.wikimedia.org/wikipedia/commons/b/b6/Eddy_currents_de.png"
}
