@manual{anleitung01,
  author = "TU-Dortmund",
  title = "Versuch V207: Das Kugelfall-Viskosimeter nach HÃ¶ppler",
  date = "2016-11-24",
  url = "http://129.217.224.2/HOMEPAGE/PHYSIKER/BACHELOR/AP/SKRIPT/Viskositaet.pdf",
}

@online{Reynold,
author = "Wikipedia",
title = "Reynolds-Zahl",
date = "2016-03-26",
url = "https://de.wikipedia.org/wiki/Reynolds-Zahl",
}

@manual{Kohlrausch,
author = "Kohlrausch, F.", 
title = "Praktische Physik, Bd.3",
publisher = "Teubner",
year = "1996",
}
