@manual{anleitung01,
  author = "TU-Dortmund",
  title = "Versuch V702: Aktivierung mit Neutronen",
  date = "2017-04-18",
  url = "http://129.217.224.2/HOMEPAGE/PHYSIKER/BACHELOR/AP/SKRIPT/V702.pdf",
}
