@online{luckyjosh,
author = "Joshua Luckey",
title = "tikz-Projektionen.pdf",
url = "https://github.com/LuckyJosh/PhysikFP2015/blob/master/01_TomographieGamma%5BX%5D/Grafiken/Tikz/tikz-Projektionen.pdf",
version = "13.01.2018"
}

@online{anleitung,
author = "TU-Dortmund",
title = "Versuch B14: Tomographie mittels Î³-Strahlung",
url = "http://129.217.224.2/HOMEPAGE/PHYSIKER/BACHELOR/FP/SKRIPT/BTomographie.pdf",
version = "13.01.2018"
}
