@manual{anleitung01,
  author = "TU-Dortmund",
  title = "Versuch V702: Aktivierung mit Neutronen",
  date = "2017-04-18",
  url = "http://129.217.224.2/HOMEPAGE/PHYSIKER/BACHELOR/AP/SKRIPT/V702.pdf",
}

@online{Page01,
  author = "Wikipedia",
  title = "Liste der Isotope/5.Periode",
  date = "2017-04-23",
  url = "https://de.wikipedia.org/wiki/Liste_der_Isotope/5._Periode#45_Rhodium",
}
