@manual{anleitung01,
  author = "TU-Dortmund",
  title = "V601: Franck-Hertz Versuch",
  date = "2017-05-31",
  url = "http://129.217.224.2/HOMEPAGE/PHYSIKER/BACHELOR/AP/SKRIPT/V601.pdf",
}
