@manual{anleitung01,
  author = "TU-Dortmund",
  title = "Versuch V408: Geometrische Optik",
  date = "2017-05-09",
  url = "http://129.217.224.2/HOMEPAGE/PHYSIKER/BACHELOR/AP/SKRIPT/V408.pdf",
}
