@manual{anleitung01,
  author = "TU-Dortmund",
  title = "US1: Grundlagen der Ultraschalltechnik",
  date = "2017-06-07",
  url = "http://129.217.224.2/HOMEPAGE/PHYSIKER/BACHELOR/AP/SKRIPT/UltraschallGL.pdf",
}


@manual{lit,
  author = "Olympus-ims",
  title = "Schallgeschwindigkeit in Material",
  date = "2017-06-07",
  url = "http://www.olympus-ims.com/de/ndt-tutorials/thickness-gage/appendices-velocities/"
}
