@manual{anleitung01,
  author = "TU-Dortmund",
  title = "V601: Franck-Hertz Versuch",
  date = "2017-05-31",
  url = "http://129.217.224.2/HOMEPAGE/PHYSIKER/BACHELOR/AP/SKRIPT/V601.pdf",
}

@online{Page01,
  author = "UNI TERRA",
  title = "Erste Ionisierungsenergie",
  date = "2006",
  url = "http://www.uniterra.de/rutherford/tab_iong.htm",
}

@online{Page02,
  author = "Universität Göttingen",
  title = "Der Franck-Hertz-Versuch",
  date = "2014",
  url = "https://lp.uni-goettingen.de/get/text/1612",
}
