@manual{anleitung01,
  author = "TU-Dortmund",
  title = "Versuch V500: Der Phtoteffekt",
  date = "2017-05-16",
  url = "http://129.217.224.2/HOMEPAGE/PHYSIKER/BACHELOR/AP/SKRIPT/V500.pdf",
}

@online{Quelle2,
  author = "Wikipedia",
  title = "Planksches Wirkungsquantum",
  date = "2017-05-02",
  url = "https://de.wikipedia.org/wiki/Plancksches_Wirkungsquantum",
}
