@manual{anleitung01,
  author = "TU-Dortmund",
  title = "V602: RÃ¶ntgenemission und -absorption",
  date = "2017-06-13",
  url = "http://129.217.224.2/HOMEPAGE/PHYSIKER/BACHELOR/AP/SKRIPT/RoentgenAbs.pdf",
}

@online{anleitung02,
  author = "NPL - National Physical Laboratory ",
  title = " X-ray absorption edges, characteristic X-ray lines and fluorescence yields",
  date = "2017",
  url = "http://www.kayelaby.npl.co.uk/atomic_and_nuclear_physics/4_2/4_2_1.html",
}
