@manual{anleitung,
  author = "TU-Dortmund",
  title = "Diode Laser Physics",
  date = "2019-01-14",
  url = "http://129.217.224.2/HOMEPAGE/PHYSIKER/MASTER/SKRIPT/Diodenl.pdf",
}
