@manual{anleitung01,
  author = "TU-Dortmund",
  title = "Versuch V703: Das Geiger-Müller-Zählrohr",
  date = "2017-05-01",
  url = "http://129.217.224.2/HOMEPAGE/PHYSIKER/BACHELOR/AP/SKRIPT/V703.pdf",
}
