@manual{anleitung01,
  author = "TU-Dortmund",
  title = "V602: RÃ¶ntgenemission und -absorption",
  date = "2017-06-13",
  url = "http://129.217.224.2/HOMEPAGE/PHYSIKER/BACHELOR/AP/SKRIPT/RoentgenAbs.pdf",
}
