@manual{anleitung01,
  author = "TU-Dortmund",
  title = "V27:Der Zeeman-Effekt",
  date = "2017-10-31",
  url = "http://129.217.224.2/HOMEPAGE/PHYSIKER/BACHELOR/FP/SKRIPT/V27.pdf",
}
