@online{anleitung,
  author = "TU-Dortmund",
  title = "Versuch V201: Das Dulong-Petitsche Gesetz",
  date = "2016-12-02",
  url = "http://129.217.224.2/HOMEPAGE/PHYSIKER/BACHELOR/AP/SKRIPT/V201.pdf",
}
