@manual{anleitung01,
  author = "TU-Dortmund",
  title = "Versuch V311: Der Hall-Effekt",
  date = "2016-12-2016",
  url = "http://129.217.224.2/HOMEPAGE/PHYSIKER/BACHELOR/AP/SKRIPT/V311.pdf",
}
