@manual{anleitung01,
  author = "TU-Dortmund",
  title = "Versuch V354: Ged√§mpfte und erzwungende Schwingungen",
  date = "2017-02-31",
  url = "http://129.217.224.2/HOMEPAGE/PHYSIKER/BACHELOR/AP/SKRIPT/V354.pdf",
}
