@manual{anleitung01,
  author = "TU-Dortmund",
  title = "Versuch V503: Der Milikian-Öltröpfchenversuch",
  date = "2017-05-23",
  url = "http://129.217.224.2/HOMEPAGE/PHYSIKER/BACHELOR/AP/SKRIPT/V503.pdf",
}
