@manual{anleitung,
  author = "TU-Dortmund",
  title = "V18-Der Reinst-Germanium-Detektor als Instrument der
Gamma-Spektroskopie",
  date = "2018-12-10",
  url = "http://129.217.224.2/HOMEPAGE/PHYSIKER/MASTER/SKRIPT/V18.pdf",
}
