@manual{anleitung01,
  author = "TU-Dortmund",
  title = "Versuch V356: Kettenschaltung mit LC-Gliedern",
  date = "2017-01-17",
  url = "http://129.217.224.2/HOMEPAGE/PHYSIKER/BACHELOR/AP/SKRIPT/V356.pdf",
}
