@BOOK{semiconductors,
	AUTHOR = {YU, Peter AND Cardona, Manuel},
	YEAR = {2010},
	TITLE = {Fundamentals of Semiconductors - Physics and Materials Properties},
	EDITION = {},
	ISBN = {978-3-642-00710-1},
	PUBLISHER = {Springer Science ans Business Media},
	ADDRESS = {Berlin Heidelberg},
    PAGES = {228},
}
