@manual{anleitung01,
  author = "TU-Dortmund",
  title = "V01: Lebensdauer der Myonen",
  date = "2017-12-02",
  url = "http://129.217.224.2/HOMEPAGE/PHYSIKER/BACHELOR/FP/SKRIPT/V01.pdf",
}
