@online{LuckyJosh,
author = "Joshua Luckey",
title = "tikz-Projektionen.pdf",
url = "https://github.com/LuckyJosh/PhysikFP2015/blob/master/01_TomographieGamma%5BX%5D/Grafiken/Tikz/tikz-Projektionen.pdf",
version = "13.01.2018"
}

@online{anleitung,
author = "TU-Dortmund",
title = "Versuch B14: Tomographie mittels γ-Strahlung",
url = "http://129.217.224.2/HOMEPAGE/PHYSIKER/BACHELOR/FP/SKRIPT/BTomographie.pdf",
version = "13.01.2018"
}

@online{drei_effekte,
author = "Prof. Dr. Helmut Winter et al",
institute = "Humboldt-Universität zu Berlin",
title = "Absorption von Strahlung",
url = "http://pgd5.physik.hu-berlin.de/pgd/absorpt.htm",
version = "13.01.2018"
}

@online{Koeffs,
author = "physics.nist",
title = "X-Ray Mass Attenuation Coefficients",
url = "https://physics.nist.gov/PhysRefData/XrayMassCoef/tab3.html",
version = "17.01.2018"
}
